<record><leader>00000cas a22000007a 4500</leader><controlfield tag="001">11709591</controlfield><controlfield tag="008">850219d18uu1912pauwr ne      0    0eng d</controlfield><datafield ind1=" " ind2=" " tag="010"><subfield code="a">sn 85054858 </subfield></datafield><datafield ind1=" " ind2=" " tag="040"><subfield code="a">NPH</subfield><subfield code="b">eng</subfield><subfield code="c">NPH</subfield><subfield code="d">OCLCQ</subfield></datafield><datafield ind1=" " ind2=" " tag="042"><subfield code="a">msc</subfield></datafield><datafield ind1="0" ind2="4" tag="245"><subfield code="a">The Duquesne observer.</subfield></datafield><datafield ind1="3" ind2="0" tag="246"><subfield code="a">Observer</subfield></datafield><datafield ind1=" " ind2=" " tag="260"><subfield code="a">Duquesne, Pa. :</subfield><subfield code="b">Filcer &amp; Blair</subfield></datafield><datafield ind1=" " ind2=" " tag="300"><subfield code="a">v. :</subfield><subfield code="b">ill. (chiefly advertisements)</subfield></datafield><datafield ind1=" " ind2=" " tag="310"><subfield code="a">Weekly</subfield></datafield><datafield ind1="0" ind2=" " tag="362"><subfield code="a">-Nov. 8, 1912.</subfield></datafield><datafield ind1=" " ind2=" " tag="580"><subfield code="a">Merged with: Duquesne times, to form: Duquesne times-observer.</subfield></datafield><datafield ind1=" " ind2=" " tag="588"><subfield code="a">Description based on: Vol. 14, no. 41 (Jan. 1, 1904).</subfield></datafield><datafield ind1=" " ind2=" " tag="752"><subfield code="a">United States</subfield><subfield code="b">Pennsylvania</subfield><subfield code="c">Allegheny</subfield><subfield code="d">Duquesne.</subfield></datafield><datafield ind1="0" ind2="0" tag="780"><subfield code="t">Observer (Duquesne, Pa.)</subfield><subfield code="w">(DLC)sn 85054860</subfield></datafield><datafield ind1="1" ind2="7" tag="785"><subfield code="t">Duquesne times</subfield><subfield code="w">(DLC)sn 85054501</subfield></datafield><datafield ind1="1" ind2="7" tag="785"><subfield code="t">Duquesne times-observer</subfield><subfield code="w">(DLC)sn 85054859</subfield></datafield><datafield ind1="1" ind2=" " tag="029"><subfield code="a">AU@</subfield><subfield code="b">000025801729</subfield></datafield></record>